@article{1748-0221-3-08-S08003,
	author={The ATLAS Collaboration and G Aad and E Abat and J Abdallah and A A Abdelalim and A Abdesselam and O Abdinov and B A Abi and M
	Abolins and H Abramowicz and E Acerbi and B S Acharya and R Achenbach and M Ackers and D L Adams and F Adamyan and T N Addy and M
	Aderholz and C Adorisio and P Adragna and M Aharrouche and S P Ahlen and F Ahles and A Ahmad and H Ahmed and G Aielli and P F Åkesson and T
	P A Åkesson and A V Akimov and S M Alam and J Albert and S Albrand and M Aleksa and I N Aleksandrov and M Aleppo and F Alessandria and C
	Alexa and G Alexander and T Alexopoulos and G Alimonti and M Aliyev and P P Allport and S E Allwood-Spiers and A Aloisio and J
	Alonso and R Alves and M G Alviggi and K Amako and P Amaral and S P Amaral and G Ambrosini and G Ambrosio and C Amelung and V V
	Ammosov and A Amorim and N Amram and C Anastopoulos and B Anderson and K J Anderson and E C Anderssen and A Andreazza and V Andrei and L
	Andricek and M-L Andrieux and X S Anduaga and F Anghinolfi and A Antonaki and M Antonelli and S Antonelli and R Apsimon and G
	Arabidze and I Aracena and Y Arai and A T H Arce and J P Archambault and J-F Arguin and E Arik and M Arik and K E Arms and S R
	Armstrong and M Arnaud and C Arnault and A Artamonov and S Asai and S Ask and B Åsman and D Asner and L Asquith and K Assamagan and A
	Astbury and B Athar and T Atkinson and B Aubert and B Auerbach and E Auge and K Augsten and V M Aulchenko and N Austin and G Avolio and R
	Avramidou and A Axen and C Ay and G Azuelos and G Baccaglioni and C Bacci and H Bachacou and K Bachas and G Bachy and E Badescu and P
	Bagnaia and D C Bailey and J T Baines and O K Baker and F Ballester and F Baltasar Dos Santos Pedrosa and E Banas and D Banfi and A
	Bangert and V Bansal and S P Baranov and S Baranov and A Barashkou and E L Barberio and D Barberis and G Barbier and P Barclay and D Y
	Bardin and P Bargassa and T Barillari and M Barisonzi and B M Barnett and R M Barnett and S Baron and A Baroncelli and M Barone and A J
	Barr and F Barreiro and J Barreiro Guimarães da Costa and P Barrillon and A Barriuso Poy and N Barros and V Bartheld and H
	Bartko and R Bartoldus and S Basiladze and J Bastos and L E Batchelor and R L Bates and J R Batley and S Batraneanu and M
	Battistin and G Battistoni and V Batusov and F Bauer and B Bauss and D E Baynham and M Bazalova and A Bazan and P H Beauchemin and B
	Beaugiraud and R B Beccherle and G A Beck and H P Beck and K H Becks and I Bedajanek and A J Beddall and A Beddall and P Bednár and V A
	Bednyakov and C Bee and S Behar Harpaz and G A N Belanger and C Belanger-Champagne and B Belhorma and P J Bell and W H Bell and G
	Bella and F Bellachia and L Bellagamba and F Bellina and G Bellomo and M Bellomo and O Beltramello and A Belymam and S Ben Ami and M Ben
	Moshe and O Benary and D Benchekroun and C Benchouk and M Bendel and B H Benedict and N Benekos and J Benes and Y Benhammou and G P
	Benincasa and D P Benjamin and J R Bensinger and K Benslama and S Bentvelsen and M Beretta and D Berge and E Bergeaas and N Berger and F
	Berghaus and S Berglund and F Bergsma and J Beringer and J Bernabéu and K Bernardet and C Berriaud and T Berry and H Bertelsen and A
	Bertin and F Bertinelli and S Bertolucci and N Besson and A Beteille and S Bethke and W Bialas and R M Bianchi and M Bianco and O
	Biebel and M Bieri and M Biglietti and H Bilokon and M Binder and S Binet and N Bingefors and A Bingul and C Bini and C Biscarat and R
	Bischof and M Bischofberger and A Bitadze and J P Bizzell and K M Black and R E Blair and J J Blaising and O Blanch and G Blanchot and C
	Blocker and J Blocki and A Blondel and W Blum and U Blumenschein and C Boaretto and G J Bobbink and A Bocci and D Bocian and R Bock and M
	Boehm and J Boek and J A Bogaerts and A Bogouch and C Bohm and J Bohm and V Boisvert and T Bold and V Boldea and V G Bondarenko and R
	Bonino and J Bonis and W Bonivento and P Bonneau and M Boonekamp and G Boorman and M Boosten and C N Booth and P S L Booth and P Booth and J
	R A Booth and K Borer and A Borisov and I Borjanovic and K Bos and D Boscherini and F Bosi and M Bosman and M Bosteels and B Botchev and H
	Boterenbrood and D Botterill and J Boudreau and E V Bouhova-Thacker and C Boulahouache and C Bourdarios and M Boutemeur and K
	Bouzakis and G R Boyd and J Boyd and B H Boyer and I R Boyko and N I Bozhko and S Braccini and A Braem and P Branchini and G W
	Brandenburg and A Brandt and O Brandt and U Bratzler and H M Braun and S Bravo and I P Brawn and B Brelier and J Bremer and R Brenner and S
	Bressler and D Breton and N D Brett and P Breugnon and P G Bright-Thomas and F M Brochu and I Brock and R Brock and T J Brodbeck and E
	Brodet and F Broggi and Z Broklova and C Bromberg and G Brooijmans and G Brouwer and J Broz and E Brubaker and P A Bruckman de
	Renstrom and D Bruncko and A Bruni and G Bruni and M Bruschi and T Buanes and N J Buchanan and P Buchholz and I A Budagov and V
	Büscher and L Bugge and D Buira-Clark and E J Buis and F Bujor and T Buran and H Burckhart and D Burckhart-Chromek and S Burdin and R
	Burns and E Busato and J J F Buskop and K P Buszello and F Butin and J M Butler and C M Buttar and J Butterworth and J M
	Butterworth and T Byatt and S Cabrera Urbán and E Cabruja Casas and M Caccia and D Caforio and O Cakir and P Calafiura and G
	Calderini and D Calderón Terol and J Callahan and L P Caloba and R Caloi and D Calvet and A Camard and F Camarena and P Camarri and M
	Cambiaghi and D Cameron and J Cammin and F Campabadal Segura and S Campana and V Canale and J Cantero and M D M Capeans
	Garrido and I Caprini and M Caprini and M Caprio and D Caracinha and C Caramarcu and Y Carcagno and R Cardarelli and C Cardeira and L
	Cardiel Sas and A Cardini and T Carli and G Carlino and L Carminati and B Caron and S Caron and C Carpentieri and F S Carr and A A
	Carter and J R Carter and J Carvalho and D Casadei and M P Casado and M Cascella and C Caso and J Castelo and V Castillo Gimenez and N
	Castro and F Castrovillari and G Cataldi and F Cataneo and A Catinaccio and J R Catmore and A Cattai and S Caughron and D Cauz and A
	Cavallari and P Cavalleri and D Cavalli and M Cavalli-Sforza and V Cavasinni and F Ceradini and C Cerna and C Cernoch and A S
	Cerqueira and A Cerri and F Cerutti and M Cervetto and S A Cetin and F Cevenini and M Chalifour and M Chamizo llatas and A Chan and J W
	Chapman and D G Charlton and S Charron and S V Chekulaev and G A Chelkov and H Chen and L Chen and T Chen and X Chen and S Cheng and T L
	Cheng and A Cheplakov and V F Chepurnov and R Cherkaoui El Moursli and D Chesneanu and E Cheu and L Chevalier and J L
	Chevalley and F Chevallier and V Chiarella and G Chiefari and L Chikovani and A Chilingarov and G Chiodini and S Chouridou and D
	Chren and T Christiansen and I A Christidi and A Christov and M L Chu and J Chudoba and A G Chuguev and G Ciapetti and E Cicalini and A
	K Ciftci and V Cindro and M D Ciobotaru and A Ciocio and M Cirilli and M Citterio and M Ciubancan and J V Civera and A Clark and W
	Cleland and J C Clemens and B C Clement and C Clément and D Clements and R W Clifft and M Cobal and A Coccaro and J Cochran and R Coco and P
	Coe and S Coelli and E Cogneras and C D Cojocaru and J Colas and A P Colijn and C Collard and C Collins-Tooth and J Collot and R
	Coluccia and G Comune and P Conde Muiño and E Coniavitis and M Consonni and S Constantinescu and C Conta and F A Conventi and J
	Cook and M Cooke and N J Cooper-Smith and T Cornelissen and M Corradi and S Correard and A Corso-Radu and J Coss and G Costa and M J
	Costa and D Costanzo and T Costin and R Coura Torres and L Courneyea and C Couyoumtzelis and G Cowan and B E Cox and J Cox and D A
	Cragg and K Cranmer and J Cranshaw and M Cristinziani and G Crosetti and C Cuenca Almenar and S Cuneo and A Cunha and M Curatolo and C J
	Curtis and P Cwetanski and Z Czyczula and S D'Auria and M D'Onofrio and A Da Rocha Gesualdi Mello and P V M Da Silva and R Da
	Silva and W Dabrowski and A Dael and A Dahlhoff and T Dai and C Dallapiccola and S J Dallison and J Dalmau and C H Daly and M Dam and D
	Damazio and M Dameri and K M Danielsen and H O Danielsson and R Dankers and D Dannheim and G Darbo and P Dargent and C Daum and J P
	Dauvergne and M David and T Davidek and N Davidson and R Davidson and I Dawson and J W Dawson and R K Daya and K De and R de Asmundis and R
	de Boer and S De Castro and N De Groot and P de Jong and X de La Broise and E De La Cruz-Burelo and C De La Taille and B De
	Lotto and M De Oliveira Branco and D De Pedis and P de Saintignon and A De Salvo and U De Sanctis and A De Santo and J B De
	Vivie De Regie and G De Zorzi and S Dean and G Dedes and D V Dedovich and P O Defay and R Degele and M Dehchar and M Deile and C Del
	Papa and J Del Peso and T Del Prete and E Delagnes and P Delebecque and A Dell'Acqua and M Della Pietra and D della Volpe and M
	Delmastro and P Delpierre and N Delruelle and P A Delsart and C Deluca Silberberg and S Demers and M Demichev and P Demierre and B
	Demirköz and W Deng and S P Denisov and C Dennis and C J Densham and M Dentan and J E Derkaoui and F Derue and P Dervan and K K Desch and A
	Dewhurst and A Di Ciaccio and L Di Ciaccio and A Di Domenico and A Di Girolamo and B Di Girolamo and S Di Luise and A Di
	Mattia and A Di Simone and M M Diaz Gomez and E B Diehl and H Dietl and J Dietrich and W Dietsche and S Diglio and M Dima and K Dindar and B
	Dinkespiler and C Dionisi and R Dipanjan and P Dita and S Dita and F Dittus and S D Dixon and F Djama and R Djilkibaev and T Djobava and M A
	B do Vale and M Dobbs and R Dobinson and D Dobos and E Dobson and M Dobson and J Dodd and O B Dogan and T Doherty and Y Doi and J Dolejsi and I
	Dolenc and Z Dolezal and B A Dolgoshein and E Domingo and M Donega and J Dopke and D E Dorfan and O Dorholt and A Doria and A Dos
	Anjos and M Dosil and A Dotti and M T Dova and J D Dowell and A T Doyle and G Drake and D Drakoulakos and Z Drasal and J Drees and N
	Dressnandt and H Drevermann and C Driouichi and M Dris and J G Drohan and J Dubbert and T Dubbs and E Duchovni and G Duckeck and A
	Dudarev and M Dührssen and H Dür and I P Duerdoth and S Duffin and L Duflot and M-A Dufour and N Dumont Dayot and H Duran Yildiz and D
	Durand and A Dushkin and R Duxfield and M Dwuznik and F Dydak and D Dzahini and S Díez Cornell and M Düren and W L Ebenstein and S
	Eckert and S Eckweiler and P Eerola and I Efthymiopoulos and U Egede and K Egorov and W Ehrenfeld and T Eifert and G Eigen and K
	Einsweiler and E Eisenhandler and T Ekelof and L M Eklund and M El Kacimi and M Ellert and S Elles and N Ellis and J Elmsheuser and M
	Elsing and R Ely and D Emeliyanov and R Engelmann and M Engström and P Ennes and B Epp and A Eppig and V S Epshteyn and A Ereditato and V
	Eremin and D Eriksson and I Ermoline and J Ernwein and D Errede and S Errede and M Escalier and C Escobar and X Espinal Curull and B
	Esposito and F Esteves and F Etienne and A I Etienvre and E Etzion and H Evans and V N Evdokimov and P Evtoukhovitch and A Eyring and L
	Fabbri and C W Fabjan and C Fabre and P Faccioli and K Facius and V Fadeyev and R M Fakhrutdinov and S Falciano and I Falleau and A C
	Falou and Y Fang and M Fanti and A Farbin and A Farilla and J Farrell and P Farthouat and D Fasching and F Fassi and P Fassnacht and D
	Fassouliotis and F Fawzi and L Fayard and F Fayette and R Febbraro and O L Fedin and I Fedorko and L Feld and G Feldman and L
	Feligioni and C Feng and E J Feng and J Fent and A B Fenyuk and J Ferencei and D Ferguson and J Ferland and W Fernando and S Ferrag and A
	Ferrari and P Ferrari and R Ferrari and A Ferrer and M L Ferrer and D Ferrere and C Ferretti and F Ferro and M Fiascaris and S Fichet and F
	Fiedler and V Filimonov and A Filipčič and A Filippas and F Filthaut and M Fincke-Keeler and G Finocchiaro and L Fiorini and A
	Firan and P Fischer and M J Fisher and S M Fisher and V Flaminio and J Flammer and M Flechl and I Fleck and W Flegel and P Fleischmann and S
	Fleischmann and C M Fleta Corral and F Fleuret and T Flick and J Flix and L R Flores Castillo and M J Flowerdew and F Föhlisch and M
	Fokitis and T M Fonseca Martin and J Fopma and D A Forbush and A Formica and J M Foster and D Fournier and A Foussat and A J
	Fowler and H Fox and P Francavilla and D Francis and S Franz and J T Fraser and M Fraternali and S Fratianni and J Freestone and R S
	French and K Fritsch and D Froidevaux and J A Frost and C Fukunaga and J Fulachier and E Fullana Torregrosa and J Fuster and C
	Gabaldon and S Gadomski and G Gagliardi and P Gagnon and E J Gallas and M V Gallas and B J Gallop and K K Gan and F C Gannaway and Y S
	Gao and V A Gapienko and A Gaponenko and C Garciá and M Garcia-Sciveres and J E Garcìa Navarro and V Garde and R W Gardner and N
	Garelli and H Garitaonandia and V G Garonne and J Garvey and C Gatti and G Gaudio and O Gaumer and V Gautard and P Gauzzi and I L
	Gavrilenko and C Gay and J-C Gayde and E N Gazis and E Gazo and C N P Gee and C Geich-Gimbel and K Gellerstedt and C Gemme and M H
	Genest and S Gentile and M A George and S George and P Gerlach and Y Gernizky and C Geweniger and H Ghazlane and V M Ghete and P Ghez and N
	Ghodbane and B Giacobbe and S Giagu and V Giakoumopoulou and V Giangiobbe and F Gianotti and B Gibbard and A Gibson and M D Gibson and S
	M Gibson and G F Gieraltowski and I Gil Botella and L M Gilbert and M Gilchriese and O Gildemeister and V Gilewsky and A R
	Gillman and D M Gingrich and J Ginzburg and N Giokaris and M P Giordani and C G Girard and P F Giraud and P Girtler and D Giugni and P
	Giusti and B K Gjelsten and C Glasman and A Glazov and K W Glitza and G L Glonti and K G Gnanvo and J Godlewski and T Göpfert and C
	Gössling and T Göttfert and S Goldfarb and D Goldin and N Goldschmidt and T Golling and N P Gollub and P J Golonka and S N
	Golovnia and A Gomes and J Gomes and R Gonçalo and A Gongadze and A Gonidec and S Gonzalez and S González de la Hoz and V González
	Millán and M L Gonzalez Silva and B Gonzalez-Pineiro and S González-Sevilla and M J Goodrick and J J Goodson and L
	Goossens and P A Gorbounov and A Gordeev and H Gordon and I Gorelov and G Gorfine and B Gorini and E Gorini and A Gorišek and E
	Gornicki and S A Gorokhov and B T Gorski and S V Goryachev and V N Goryachev and M Gosselink and M I Gostkin and M Gouanère and I
	Gough Eschrich and D Goujdami and M Goulette and I Gousakov and J Gouveia and S Gowdy and C Goy and I Grabowska-Bold and V Grabski and P
	Grafström and C Grah and K-J Grahn and F Grancagnolo and S Grancagnolo and H Grassmann and V Gratchev and H M Gray and E Graziani and B
	Green and A Greenall and D Greenfield and D Greenwood and I M Gregor and A Grewal and E Griesmayer and N Grigalashvili and C
	Grigson and A A Grillo and F Grimaldi and K Grimm and P L Y Gris and Y Grishkevich and H Groenstege and L S Groer and J Grognuz and M
	Groh and E Gross and J Grosse-Knetter and M E M Grothe and J Grudzinski and C Gruse and M Gruwe and K Grybel and P Grybos and E M
	Gschwendtner and V J Guarino and C J Guicheney and G Guilhem and T Guillemin and J Gunther and B Guo and A Gupta and L Gurriana and V N
	Gushchin and P Gutierrez and L Guy and C Guyot and C Gwenlan and C B Gwilliam and A Haas and S Haas and C Haber and G Haboubi and R
	Hackenburg and E Hadash and H K Hadavand and C Haeberli and R Härtel and R Haggerty and F Hahn and S Haider and Z Hajduk and M Hakimi and H
	Hakobyan and H Hakobyan and J Haller and G D Hallewell and B Hallgren and K Hamacher and A Hamilton and H Han and L Han and K Hanagaki and M
	Hance and P Hanke and C J Hansen and F H Hansen and J R Hansen and J B Hansen and J D Hansen and P H Hansen and T Hansl-Kozanecka and G
	Hanson and P Hansson and K Hara and S Harder and A Harel and T Harenberg and R Harper and J C Hart and R G G Hart and F Hartjes and N
	Hartman and T Haruyama and A Harvey and Y Hasegawa and K Hashemi and S Hassani and M Hatch and R W Hatley and T G Haubold and D Hauff and F
	Haug and S Haug and M Hauschild and R Hauser and C Hauviller and M Havranek and B M Hawes and R J Hawkings and D Hawkins and T Hayler and H
	S Hayward and S J Haywood and E Hazen and M He and Y P He and S J Head and V Hedberg and L Heelan and F E W Heinemann and M Heldmann and S
	Hellman and C Helsens and R C W Henderson and P J Hendriks and A M Henriques Correia and S Henrot-Versille and F
	Henry-Couannier and T Henß and G Herten and R Hertenberger and L Hervas and M Hess and N P Hessey and A Hicheur and A Hidvegi and E
	Higón-Rodriguez and D Hill and J Hill and J C Hill and N Hill and S J Hillier and I Hinchliffe and D Hindson and C Hinkelbein and T A
	Hodges and M C Hodgkinson and P Hodgson and A Hoecker and M R Hoeferkamp and J Hoffman and A E Hoffmann and D Hoffmann and H F
	Hoffmann and M Holder and T I Hollins and G Hollyman and A Holmes and S O Holmgren and R Holt and E Holtom and T Holy and R J Homer and Y
	Homma and P Homola and W Honerbach and A Honma and I Hooton and T Horazdovsky and C Horn and S Horvat and J-Y Hostachy and T Hott and S
	Hou and M A Houlden and A Hoummada and J Hover and D F Howell and J Hrivnac and I Hruska and T Hryn'ova and G S Huang and Z Hubacek and F
	Hubaut and F Huegging and B T Huffman and E Hughes and G Hughes and R E Hughes-Jones and W Hulsbergen and P Hurst and M Hurwitz and T
	Huse and N Huseynov and J Huston and J Huth and G Iacobucci and M Ibbotson and I Ibragimov and R Ichimiya and L Iconomidou-Fayard and J
	Idarraga and M Idzik and P Iengo and M C Iglesias Escudero and O Igonkina and Y Ikegami and M Ikeno and Y Ilchenko and Y
	Ilyushenka and D Imbault and P Imbert and M Imhaeuser and M Imori and T Ince and J Inigo-Golfin and K Inoue and P Ioannou and M Iodice and G
	Ionescu and K Ishii and M Ishino and Y Ishizawa and R Ishmukhametov and C Issever and H Ito and A V Ivashin and W Iwanski and H
	Iwasaki and J M Izen and V Izzo and J Jackson and J N Jackson and M Jaekel and S Jagielski and M Jahoda and V Jain and K Jakobs and J
	Jakubek and E Jansen and P P M Jansweijer and R C Jared and G Jarlskog and S Jarp and P Jarron and K Jelen and I Jen-La Plante and P
	Jenni and A Jeremie and P Jez and S Jézéquel and Y Jiang and G Jin and S Jin and O Jinnouchi and D Joffe and L G Johansen and M Johansen and K E
	Johansson and P Johansson and K A Johns and K Jon-And and M Jones and R Jones and R W L Jones and T W Jones and T J Jones and A Jones and O
	Jonsson and K K Joo and D Joos and M Joos and C Joram and S Jorgensen and J Joseph and P Jovanovic and S S Junnarkar and V Juranek and P
	Jussel and V V Kabachenko and S Kabana and M Kaci and A Kaczmarska and M Kado and H Kagan and S Kagawa and S Kaiser and E Kajomovitz and S
	Kakurin and L V Kalinovskaya and S Kama and H Kambara and N Kanaya and A Kandasamy and S Kandasamy and M Kaneda and V A Kantserov and J
	Kanzaki and B Kaplan and A Kapliy and J Kaplon and M Karagounis and M Karagoz Unel and K Karr and P Karst and V Kartvelishvili and A N
	Karyukhin and L Kashif and A Kasmi and R D Kass and A Kastanas and M Kataoka and Y Kataoka and E Katsoufis and S Katunin and K Kawagoe and M
	Kawai and T Kawamoto and F Kayumov and V A Kazanin and M Y Kazarinov and A Kazarov and S I Kazi and J R Keates and R Keeler and P T
	Keener and R Kehoe and M Keil and G D Kekelidze and M Kelly and J Kennedy and M Kenyon and O Kepka and N Kerschen and B P Kerševan and S
	Kersten and C Ketterer and M Khakzad and F Khalilzade and H Khandanyan and A Khanov and D Kharchenko and A Khodinov and A G
	Kholodenko and A Khomich and V P Khomutnikov and G Khoriauli and N Khovanskiy and V Khovanskiy and E Khramov and J Khubua and G
	Kieft and J A Kierstead and G Kilvington and H Kim and H Kim and S H Kim and P Kind and B T King and J Kirk and G P Kirsch and L E Kirsch and A
	E Kiryunin and D Kisielewska and B Kisielewski and T Kittelmann and A M Kiver and H Kiyamura and E Kladiva and J
	Klaiber-Lodewigs and K Kleinknecht and A Klier and A Klimentov and C R Kline and R Klingenberg and E B Klinkby and T
	Klioutchnikova and P F Klok and S Klous and E-E Kluge and P Kluit and M Klute and S Kluth and N K Knecht and E Kneringer and E Knezo and J
	Knobloch and B R Ko and T Kobayashi and M Kobel and P Kodys and A C König and S König and L Köpke and F Koetsveld and T Koffas and E
	Koffeman and Z Kohout and T Kohriki and T Kokott and G M Kolachev and H Kolanoski and V Kolesnikov and I Koletsou and M Kollefrath and S
	Kolos and S D Kolya and A A Komar and J R Komaragiri and T Kondo and Y Kondo and N V Kondratyeva and T Kono and A I Kononov and R
	Konoplich and S P Konovalov and N Konstantinidis and A Kootz and S Koperny and S V Kopikov and K Korcyl and K Kordas and V
	Koreshev and A Korn and I Korolkov and V A Korotkov and H Korsmo and O Kortner and M E Kostrikov and V V Kostyukhin and M J
	Kotamäki and D Kotchetkov and S Kotov and V M Kotov and K Y Kotov and C Kourkoumelis and A Koutsman and S Kovalenko and R
	Kowalewski and H Kowalski and T Z Kowalski and W Kozanecki and A S Kozhin and V Kral and V Kramarenko and G Kramberger and A
	Kramer and O Krasel and M W Krasny and A Krasznahorkay and A Krepouri and P Krieger and P Krivkova and G Krobath and H Kroha and J
	Krstic and U Kruchonak and H Krüger and K Kruger and Z V Krumshteyn and P Kubik and W Kubischta and T Kubota and L G Kudin and J
	Kudlaty and A Kugel and T Kuhl and D Kuhn and V Kukhtin and Y Kulchitsky and N Kundu and A Kupco and M Kupper and H Kurashige and L L
	Kurchaninov and Y A Kurochkin and V Kus and W Kuykendall and P Kuzhir and E K Kuznetsova and O Kvasnicka and R Kwee and D La Marra and M
	La Rosa and L La Rotonda and L Labarga and J A Labbe and C Lacasta and F Lacava and H Lacker and D Lacour and V R Lacuesta and E
	Ladygin and R Lafaye and B Laforge and T Lagouri and S Lai and E Lamanna and M Lambacher and F Lambert and W Lampl and E Lancon and U
	Landgraf and M P J Landon and H Landsman and R R Langstaff and A J Lankford and F Lanni and K Lantzsch and A Lanza and V V Lapin and S
	Laplace and J F Laporte and V Lara and T Lari and A V Larionov and C Lasseur and W Lau and P Laurelli and A Lavorato and W Lavrijsen and A B
	Lazarev and A-C Le Bihan and O Le Dortz and C Le Maner and M Le Vine and L Leahu and M Leahu and C Lebel and M Lechowski and T
	LeCompte and F Ledroit-Guillon and H Lee and J S H Lee and S C Lee and M Lefebvre and R P Lefevre and M Legendre and A Leger and B C
	LeGeyt and C Leggett and M Lehmacher and G Lehmann Miotto and M Lehto and R Leitner and D Lelas and D Lellouch and M Leltchouk and V
	Lendermann and K J C Leney and T Lenz and G Lenzen and J Lepidis and C Leroy and J-R Lessard and J Lesser and C G Lester and M
	Letheren and A Leung Fook Cheong and J Levêque and D Levin and L J Levinson and M S Levitski and M Lewandowska and M Leyton and J
	Li and W Li and M Liabline and Z Liang and Z Liang and B Liberti and P Lichard and W Liebig and R Lifshitz and D Liko and H Lim and M Limper and S C
	Lin and A Lindahl and F Linde and L Lindquist and S W Lindsay and V Linhart and A J Lintern and A Liolios and A Lipniacka and T M Liss and A
	Lissauer and J List and A M Litke and S Liu and T Liu and Y Liu and M Livan and A Lleres and G Llosá Llácer and S L Lloyd and F Lobkowicz and P
	Loch and W S Lockman and T Loddenkoetter and F K Loebinger and A Loginov and C W Loh and T Lohse and K Lohwasser and M Lokajicek and J
	Loken and S Lokwitz and M C Long and L Lopes and D Lopez Mateos and M J Losty and X Lou and K F Loureiro and L Lovas and J Love and A Lowe and M
	Lozano Fantoba and F Lu and J Lu and L Lu and H J Lubatti and S Lucas and C Luci and A Lucotte and A Ludwig and I Ludwig and J Ludwig and F
	Luehring and D Lüke and G Luijckx and L Luisa and D Lumb and L Luminari and E Lund and B Lund-Jensen and B Lundberg and J Lundquist and A
	Lupi and N Lupu and G Lutz and D Lynn and J Lynn and J Lys and V Lysan and E Lytken and J M López-Amengual and H Ma and L L Ma and M Maaß en and G
	Maccarrone and G G R Mace and D Macina and R Mackeprang and A Macpherson and D MacQueen and C Macwaters and R J Madaras and W F
	Mader and R Maenner and T Maeno and P Mättig and S Mättig and C A Magrath and Y Mahalalel and K Mahboubi and G Mahout and C
	Maidantchik and A Maio and G M Mair and K Mair and Y Makida and D Makowiecki and P Malecki and V P Maleev and F Malek and D Malon and S
	Maltezos and V Malychev and S Malyukov and M Mambelli and R Mameghani and J Mamuzic and A Manabe and A Manara and G Manca and L
	Mandelli and I Mandić and M Mandl and J Maneira and M Maneira and P S Mangeard and M Mangin-Brinet and I D Manjavidze and W A Mann and S
	Manolopoulos and A Manousakis-Katsikakis and B Mansoulie and A Manz and A Mapelli and L Mapelli and L March and J F Marchand and M
	Marchesotti and M Marcisovsky and A Marin and C N Marques and F Marroquim and R Marshall and Z Marshall and F K Martens and S Marti
	i Garcia and A J Martin and B Martin and B Martin and F F Martin and J P Martin and Ph Martin and G Martinez and C Martínez
	Lacambra and V Martinez Outschoorn and A Martini and J Martins and T Maruyama and F Marzano and T Mashimo and R Mashinistov and J
	Masik and A L Maslennikov and M Maß and I Massa and G Massaro and N Massol and M Mathes and J Matheson and P Matricon and H Matsumoto and H
	Matsunaga and J M Maugain and S J Maxfield and E N May and J K Mayer and C Mayri and R Mazini and M Mazzanti and P Mazzanti and E
	Mazzoni and F Mazzucato and S P Mc Kee and R L McCarthy and C McCormick and N A McCubbin and J McDonald and K W McFarlane and S
	McGarvie and H McGlone and R A McLaren and S J McMahon and T R McMahon and T J McMahon and R A McPherson and M Mechtel and D
	Meder-Marouelli and M Medinnis and R Meera-Lebbai and C Meessen and R Mehdiyev and A Mehta and K Meier and H Meinhard and J
	Meinhardt and C Meirosu and F Meisel and A Melamed-Katz and B R Mellado Garcia and P Mendes Jorge and P Mendez and S Menke and C
	Menot and E Meoni and D Merkl and L Merola and C Meroni and F S Merritt and I Messmer and J Metcalfe and S Meuser and J-P Meyer and T C
	Meyer and W T Meyer and V Mialkovski and M Michelotto and L Micu and R Middleton and P Miele and A Migliaccio and L Mijović and G
	Mikenberg and M Mikestikova and M Mikestikova and B Mikulec and M Mikuž and D W Miller and R J Miller and W Miller and M
	Milosavljevic and D A Milstead and S Mima and A A Minaenko and M Minano and I A Minashvili and A I Mincer and B Mindur and M
	Mineev and L M Mir and G Mirabelli and L Miralles Verge and S Misawa and S Miscetti and A Misiejuk and A Mitra and G Y Mitrofanov and V
	A Mitsou and P S Miyagawa and Y Miyazaki and J U Mjörnmark and S Mkrtchyan and D Mladenov and T Moa and M Moch and A Mochizuki and P
	Mockett and P Modesto and S Moed and K Mönig and N Möser and B Mohn and W Mohr and S Mohrdieck-Möck and A M Moisseev and R M Moles
	Valls and J Molina-Perez and A Moll and G Moloney and R Mommsen and L Moneta and E Monnier and G Montarou and S Montesano and F
	Monticelli and R W Moore and T B Moore and G F Moorhead and A Moraes and J Morel and A Moreno and D Moreno and P Morettini and D
	Morgan and M Morii and J Morin and A K Morley and G Mornacchi and M-C Morone and S V Morozov and E J Morris and J Morris and M C
	Morrissey and H G Moser and M Mosidze and A Moszczynski and S V Mouraviev and T Mouthuy and T H Moye and E J W Moyse and J Mueller and M
	Müller and A Muijs and T R Muller and A Munar and D J Munday and K Murakami and R Murillo Garcia and W J Murray and A G Myagkov and M
	Myska and K Nagai and Y Nagai and K Nagano and Y Nagasaka and A M Nairz and D Naito and K Nakamura and Y Nakamura and I Nakano and G
	Nanava and A Napier and M Nassiakou and I Nasteva and N R Nation and T Naumann and F Nauyock and S K Nderitu and H A Neal and E Nebot and P
	Nechaeva and A Neganov and A Negri and S Negroni and C Nelson and S Nemecek and P Nemethy and A A Nepomuceno and M Nessi and S Y
	Nesterov and L Neukermans and P Nevski and F M Newcomer and A Nichols and C Nicholson and R Nicholson and R B Nickerson and R
	Nicolaidou and G Nicoletti and B Nicquevert and M Niculescu and J Nielsen and T Niinikoski and M J Niinimaki and N Nikitin and K
	Nikolaev and I Nikolic-Audit and K Nikolopoulos and H Nilsen and B S Nilsson and P Nilsson and A Nisati and R Nisius and L J
	Nodulman and M Nomachi and H Nomoto and J-M Noppe and M Nordberg and O Norniella Francisco and P R Norton and J Novakova and M
	Nowak and M Nozaki and R Nunes and G Nunes Hanninger and T Nunnemann and T Nyman and P O'Connor and S W O'Neale and D C O'Neil and M
	O'Neill and V O'Shea and F G Oakham and H Oberlack and M Obermaier and P Oberson and A Ochi and W Ockenfels and S Odaka and I Odenthal and G
	A Odino and H Ogren and S H Oh and T Ohshima and H Ohshita and H Okawa and M Olcese and A G Olchevski and C Oliver and J Oliver and M Olivo
	Gomez and A Olszewski and J Olszowska and C Omachi and A Onea and A Onofre and C J Oram and G Ordonez and M J Oreglia and F Orellana and Y
	Oren and D Orestano and I O Orlov and R S Orr and F Orsini and L S Osborne and B Osculati and C Osuna and R Otec and R Othegraven and B
	Ottewell and F Ould-Saada and A Ouraou and Q Ouyang and O K Øye and V E Ozcan and K Ozone and N Ozturk and A Pacheco Pages and S Padhi and C
	Padilla Aranda and E Paganis and F Paige and P M Pailler and K Pajchel and S Palestini and J Palla and D Pallin and M J Palmer and Y B
	Pan and N Panikashvili and V N Panin and S Panitkin and D Pantea and M Panuskova and V Paolone and A Paoloni and I Papadopoulos and T
	Papadopoulou and I Park and W Park and M A Parker and S Parker and C Parkman and F Parodi and J A Parsons and U Parzefall and E
	Pasqualucci and G Passardi and A Passeri and M S Passmore and F Pastore and Fr Pastore and S Pataraia and D Pate and J R Pater and S
	Patricelli and T Pauly and E Pauna and L S Peak and S J M Peeters and M Peez and E Pei and S V Peleganchuk and G Pellegrini and R
	Pengo and J Pequenao and M Perantoni and A Perazzo and A Pereira and E Perepelkin and V J O Perera and E Perez Codina and V Perez
	Reale and I Peric and L Perini and H Pernegger and E Perrin and R Perrino and P Perrodo and G Perrot and P Perus and V D Peshekhonov and E
	Petereit and J Petersen and T C Petersen and P J F Petit and C Petridou and E Petrolo and F Petrucci and R Petti and M Pezzetti and B
	Pfeifer and A Phan and A W Phillips and P W Phillips and G Piacquadio and M Piccinini and A Pickford and R Piegaia and S Pier and J E
	Pilcher and A D Pilkington and M A Pimenta Dos Santos and J Pina and J L Pinfold and J Ping and J Pinhão and B Pinto and O Pirotte and R
	Placakyte and A Placci and M Plamondon and W G Plano and M-A Pleier and A V Pleskach and S Podkladkin and F Podlyski and P
	Poffenberger and L Poggioli and M Pohl and I Polak and G Polesello and A Policicchio and A Polini and V Polychronakos and D M
	Pomarede and K Pommès and P Ponsot and L Pontecorvo and B G Pope and R Popescu and D S Popovic and A Poppleton and J Popule and X
	Portell Bueso and C Posch and G E Pospelov and P Pospichal and S Pospisil and M Postranecky and I N Potrap and C J Potter and G
	Poulard and A Pousada and J Poveda and R Prabhu and P Pralavorio and S Prasad and J Prast and S Prat and M Prata and R Pravahan and T
	Preda and K Pretzl and L Pribyl and D Price and L E Price and M J Price and P M Prichard and D Prieur and M Primavera and D Primor and K
	Prokofiev and E Prosso and J Proudfoot and H Przysiezniak and C Puigdengoles and J Purdham and M Purohit and P Puzo and A N Pylaev and Y
	Pylypchenko and M Qi and J Qian and W Qian and Z Qian and D Qing and A Quadt and D R Quarrie and W B Quayle and J J Rabbers and V Radeka and J M
	Rafi and F Ragusa and A M Rahimi and D Rahm and C Raine and B Raith and S Rajagopalan and S Rajek and H Rammer and M Ramstedt and S Rangod and P
	N Ratoff and T Raufer and F Rauscher and E Rauter and M Raymond and A L Reads and D Rebuzzi and G R Redlinger and K Reeves and M Rehak and A
	Reichold and E Reinherz-Aronis and I Reisinger and D Reljic and C Rembser and Z Ren and S R C Renaudin-Crepe and P Renkel and B
	Rensch and S Rescia and M Rescigno and S Resconi and B Resende and P Rewiersma and J Rey and M Rey-Campagnolle and E Rezaie and P
	Reznicek and R A Richards and J-P Richer and R H Richter and R Richter and E Richter-Was and M Ridel and W Riegler and S Rieke and M
	Rijpstra and M Rijssenbeek and A Rimoldi and R R Rios and I Riu Dachs and M Rivline and G Rivoltella and F Rizatdinova and S H
	Robertson and A Robichaud-Veronneau and S Robins and D Robinson and A Robson and J H Rochford and C Roda and S Rodier and S Roe and O
	Røhne and F Rohrbach and J Roldán and S Rolli and J B Romance and A Romaniouk and V M Romanov and G Romeo and L Roos and E Ros and S
	Rosati and F Rosenbaum and G A Rosenbaum and E I Rosenberg and L Rosselet and L P Rossi and L Rossi and M Rotaru and J Rothberg and I
	Rottländer and D Rousseau and A Rozanov and Y Rozen and R Ruber and B Ruckert and G Rudolph and F Rühr and F Ruggieri and G Ruggiero and H
	Ruiz and A Ruiz-Martinez and E Rulikowska-Zarebska and V Rumiantsev and L Rumyantsev and K Runge and O Runolfsson and N A
	Rusakovich and D R Rust and J P Rutherfoord and C Ruwiedel and Y F Ryabov and V Ryadovikov and P Ryan and G Rybkine and J Sá da
	Costa and A F Saavedra and S Saboumazrag and H F-W Sadrozinski and R Sadykov and H Sakamoto and P Sala and A Salamon and M Saleem and D
	Salihagic and J Salt and O Saltó Bauza and B M Salvachúa Ferrando and D Salvatore and A Salzburger and D Sampsonidis and B H
	Samset and C A Sánchez Sánchez and M A Sanchis Lozano and E Sanchis Peris and H Sandaker and H G Sander and M Sandhoff and S
	Sandvoss and D P C Sankey and B Sanny and S Sansone and A Sansoni and C Santamarina Rios and J Santander and L Santi and C Santoni and R
	Santonico and J Santos and M Sapinski and J G Saraiva and F Sarri and O Sasaki and T Sasaki and N Sasao and I Satsounkevitch and D
	Sauvage and G Sauvage and P Savard and A Y Savine and V Savinov and A Savoy-Navarro and P Savva and D H Saxon and L P Says and C
	Sbarra and E Sbrissa and A Sbrizzi and D A Scannicchio and J Schaarschmidt and P Schacht and U Schäfer and A C Schaffer and D
	Schaile and M Schaller and A G Schamov and V A Schegelsky and D Scheirich and M Schernau and M I Scherzer and C Schiavi and H
	Schick and J Schieck and P Schieferdecker and M Schioppa and G Schlager and S Schlenker and J L Schlereth and P Schmid and M P
	Schmidt and C Schmitt and K Schmitt and M Schmitz and H Schmücker and T Schoerner and R C Scholte and M Schott and D Schouten and M
	Schram and A Schricker and D Schroff and S Schuh and H W Schuijlenburg and G Schuler and J Schultes and H-C Schultz-Coulon and J
	Schumacher and M Schumacher and Ph Schune and A Schwartzman and D Schweiger and Ph Schwemling and C Schwick and R Schwienhorst and R
	Schwierz and J Schwindling and W G Scott and H Secker and E Sedykh and N Seguin-Moreau and E Segura and S C Seidel and A Seiden and J M
	Seixas and G Sekhniaidze and D M Seliverstov and B Selldén and M Seman and N Semprini-Cesari and C Serfon and L Serin and R
	Seuster and H Severini and M E Sevior and K A Sexton and A Sfyrla and T P Shah and L Shan and J T Shank and M Shapiro and P B Shatalov and L
	Shaver and C Shaw and T G Shears and P Sherwood and A Shibata and P Shield and S Shilov and M Shimojima and T Shin and M Shiyakova and A
	Shmeleva and M Shoa and M J Shochet and M A Shupe and P Sicho and A Sidoti and A Siebel and M Siebel and J Siegrist and D Sijacki and J
	Silva and S B Silverstein and V Simak and Lj Simic and S Simion and B Simmons and M Simonyan and P Sinervo and V Sipica and G Siragusa and A
	N Sisakyan and S Sivoklokov and J Sjölin and P Skubic and N Skvorodnev and P Slattery and T Slavicek and K Sliwa and T J Sloan and J
	Sloper and V Smakhtin and A Small and S Yu Smirnov and Y Smirnov and L Smirnova and O Smirnova and N A Smith and B C Smith and D S
	Smith and J Smith and K M Smith and B Smith and M Smizanska and K Smolek and A A Snesarev and S W Snow and J Snow and J Snuverink and S
	Snyder and M Soares and S Soares and R Sobie and J Sodomka and M Söderberg and A Soffer and C A Solans and M Solar and D Sole and E
	Solfaroli Camillocci and A A Solodkov and O V Solov'yanov and I Soloviev and R Soluk and J Sondericker and V Sopko and B Sopko and M
	Sorbi and J Soret Medel and M Sosebee and V V Sosnovtsev and L Sospedra Suay and A Soukharev and J Soukup and S Spagnolo and F
	Spano and P Speckmayer and M Spegel and E Spencer and R Spighi and G Spigo and F Spila and E Spiriti and R Spiwoks and L Spogli and M
	Spousta and G Sprachmann and B Spurlock and R D St Denis and T Stahl and R J Staley and R Stamen and S N Stancu and E Stanecka and R W
	Stanek and C Stanescu and S Stapnes and E A Starchenko and P Staroba and J Stastny and A Staude and P Stavina and M Stavrianakou and G
	Stavropoulos and E Stefanidis and J L Steffens and I Stekl and H J Stelzer and H Stenzel and G Stewart and T D Stewart and W
	Stiller and T Stockmanns and M Stodulski and S Stonjek and A Stradling and A Straessner and J Strandberg and A Strandlie and M
	Strauss and V Strickland and D Striegel and P Strizenec and R Ströhmer and D M Strom and J A Strong and R Stroynowski and B Stugu and I
	Stumer and D Su and S Subramania and S I Suchkov and Y Sugaya and T Sugimoto and M Suk and V V Sulin and S Sultanov and Z Sun and B Sundal and S
	Sushkov and G Susinno and P Sutcliffe and M R Sutton and Yu M Sviridov and I Sykora and R R Szczygiel and B Szeless and T Szymocha and J
	Sánchez and D Ta and S Taboada Gameiro and M Tadel and R Tafirout and A Taga and H Takai and R Takashima and H Takeda and T Takeshita and M
	Talby and A Talyshev and M C Tamsett and J Tanaka and K Tanaka and R Tanaka and S Tanaka and S Tanaka and Y Tanaka and G P Tappern and S
	Tapprogge and S Tarem and F Tarrade and J Tarrant and G Tartarelli and P Tas and M Tasevsky and Y Tayalati and F E Taylor and G Taylor and G
	N Taylor and R P Taylor and V Tcherniatine and F Tegenfeldt and P Teixeira-Dias and H Ten Kate and P K Teng and R Ter-Antonyan and S
	Terada and J Terron and M Terwort and R J Teuscher and C M Tevlin and J Thadome and J Thion and M Thioye and A Thomas and J P Thomas and T L
	Thomas and E Thomas and R J Thompson and A S Thompson and R P Thun and T Tic and V O Tikhomirov and Y A Tikhonov and S Timm and C J W P
	Timmermans and P Tipton and F J Tique Aires Viegas and S Tisserant and M Titov and J Tobias and V M Tocut and B Toczek and S
	Todorova-Nova and J Tojo and S Tokár and K Tokushuku and L Tomasek and M Tomasek and F Tomasz and M Tomoto and D Tompkins and L
	Tompkins and K Toms and A Tonazzo and G Tong and A Tonoyan and C Topfel and N D Topilin and E Torrence and J G Torres Pais and J Toth and F
	Touchard and D R Tovey and S N Tovey and E F Towndrow and T Trefzger and M Treichel and J Treis and L Tremblet and W Tribanek and A
	Tricoli and I M Trigger and G Trilling and S Trincaz-Duvoid and M F Tripiana and W Trischuk and Z Trka and B Trocmé and C Troncon and J
	C-L Tseng and I Tsiafis and P V Tsiareshka and G Tsipolitis and E G Tskhadadze and I I Tsukerman and V Tsulaia and S Tsuno and M
	Turala and I Turk Cakir and E Turlay and P M Tuts and M S Twomey and M Tyndel and D Typaldos and H Tyrvainen and E Tzamarioudaki and G
	Tzanakos and I Ueda and M Uhrmacher and F Ukegawa and M Ullán Comes and G Unal and D G Underwood and A Undrus and G Unel and Y Unno and E
	Urkovsky and G Usai and Y Usov and L Vacavant and V Vacek and B Vachon and S Vahsen and C Valderanis and J Valenta and P Valente and A
	Valero and S Valkar and J A Valls Ferrer and H Van der Bij and H van der Graaf and E van der Kraaij and B Van Eijk and N van
	Eldik and P van Gemmeren and Z van Kesteren and I van Vulpen and R VanBerg and W Vandelli and G Vandoni and A Vaniachine and F
	Vannucci and M Varanda and F Varela Rodriguez and R Vari and E W Varnes and D Varouchas and A Vartapetian and K E Varvell and V I
	Vassilakopoulos and L Vassilieva and E Vataga and L Vaz and F Vazeille and P Vedrine and G Vegni and J J Veillet and C Vellidis and F
	Veloso and R Veness and S Veneziano and A Ventura and S Ventura and V Vercesi and M Verducci and W Verkerke and J C Vermeulen and L
	Vertogardov and M C Vetterli and I Vichou and T Vickey and G H A Viehhauser and E Vigeolas and M Villa and E G Villani and J
	Villate and I Villella and E Vilucchi and P Vincent and H Vincke and M G Vincter and V B Vinogradov and M Virchaux and S Viret and J
	Virzi and A Vitale and I Vivarelli and R Vives and F Vives Vaques and S Vlachos and H Vogt and P Vokac and C F Vollmer and M Volpi and G
	Volpini and R von Boehn-Buchholz and H von der Schmitt and E von Toerne and V Vorobel and A P Vorobiev and A S Vorozhtsov and S
	B Vorozhtsov and M Vos and K C Voss and R Voss and J H Vossebeld and A S Vovenko and N Vranjes and V Vrba and M Vreeswijk and T Vu Anh and B
	Vuaridel and M Vudragovic and V Vuillemin and R Vuillermet and A Wänanen and H Wahlen and J Walbersloh and R Walker and W
	Walkowiak and R Wall and R S Wallny and S Walsh and C Wang and J C Wang and F Wappler and A Warburton and C P Ward and G P Warner and M
	Warren and M Warsinsky and R Wastie and P M Watkins and A T Watson and G Watts and A T Waugh and B M Waugh and C Weaverdyck and M
	Webel and G Weber and J Weber and M Weber and P Weber and A R Weidberg and P M Weilhammer and J Weingarten and C Weiser and H
	Wellenstein and H P Wellisch and P S Wells and A Wemans and M Wen and T Wenaus and S Wendler and T Wengler and S Wenig and N Wermes and P
	Werneke and P Werner and U Werthenbach and S J Wheeler-Ellis and S P Whitaker and A White and M J White and S White and D
	Whittington and F Wicek and D Wicke and F J Wickens and W Wiedenmann and M Wielers and P Wienemann and M Wiesmann and M Wiesmann and T
	Wijnen and A Wildauer and I Wilhelm and H G Wilkens and H H Williams and W Willis and S Willocq and I Wilmut and J A Wilson and A
	Wilson and I Wingerter-Seez and L Winton and W Witzeling and T Wlodek and E Woehrling and M W Wolter and H Wolters and B Wosiek and J
	Wotschack and M J Woudstra and C Wright and S L Wu and X Wu and J Wuestenfeld and R Wunstorf and S Xella-Hansen and A Xiang and S Xie and Y
	Xie and G Xu and N Xu and A Yamamoto and S Yamamoto and H Yamaoka and Y Yamazaki and Z Yan and H Yang and J C Yang and S Yang and U K Yang and Y
	Yang and Z Yang and W-M Yao and Y Yao and K Yarradoddi and Y Yasu and J Ye and M Yilmaz and R Yoosoofmiya and K Yorita and H Yoshida and R
	Yoshida and C Young and S P Youssef and D Yu and J Yu and M Yu and X Yu and J Yuan and A Yurkewicz and V G Zaets and R Zaidan and A M Zaitsev and J
	Zajac and Z Zajacova and A Yu Zalite and Yo K Zalite and L Zanello and P Zarzhitsky and A Zaytsev and M Zdrazil and C Zeitnitz and M
	Zeller and P F Zema and C Zendler and A V Zenin and T Zenis and Z Zenonos and S Zenz and D Zerwas and H Zhang and J Zhang and W Zheng and X
	Zhang and L Zhao and T Zhao and X Zhao and Z Zhao and A Zhelezko and A Zhemchugov and S Zheng and L Zhichao and B Zhou and N Zhou and S Zhou and Y
	Zhou and C G Zhu and H Z Zhu and X A Zhuang and V Zhuravlov and B Zilka and N I Zimin and S Zimmermann and M Ziolkowski and R Zitoun and L
	Zivkovic and V V Zmouchko and G Zobernig and A Zoccoli and M M Zoeller and Y Zolnierowski and A Zsenei and M zur Nedden and V
	Zychacek},
	title={The ATLAS Experiment at the CERN Large Hadron Collider},
	journal={Journal of Instrumentation},
	volume={3},
	number={08},
	pages={S08003},
	url={http://stacks.iop.org/1748-0221/3/i=08/a=S08003},
	year={2008},
	abstract={The ATLAS detector as installed in its experimental cavern at point 1 at CERN is described in this paper. A brief overview of the expected performance of the detector when the Large Hadron Collider begins operation is also presented.}
}

@techreport{Capeans:1291633,
	author        = "Capeans, M and Darbo, G and Einsweiller, K and Elsing, M
	and Flick, T and Garcia-Sciveres, M and Gemme, C and
	Pernegger, H and Rohne, O and Vuillermet, R",
	title         = "{ATLAS Insertable B-Layer Technical Design Report}",
	collaboration = "ATLAS Collaboration",
	number        = "CERN-LHCC-2010-013. ATLAS-TDR-19",
	month         = "Sep",
	year          = "2010",
	reportNumber  = "CERN-LHCC-2010-013",
	url           = "https://cds.cern.ch/record/1291633",
}

@techreport{CERN-LHCC-2012-009,
	title         = "{ATLAS Insertable B-Layer Technical Design Report
	Addendum}",
	collaboration = "ATLAS Collaboration",
	number        = "CERN-LHCC-2012-009. ATLAS-TDR-19-ADD-1",
	month         = "May",
	year          = "2012",
	reportNumber  = "CERN-LHCC-2012-009",
	url           = "https://cds.cern.ch/record/1451888",
	note          = "Addendum to CERN-LHCC-2010-013, ATLAS-TDR-019",
}

@online{Magnet_System,
	author = {ATLAS Collaboration},
	title = {Magnet System},
	year = 2018, 
	url = {https://atlas.cern/discover/detector/magnet-system}
}

@online{Trigger_System,
	author = {ATLAS Collaboration},
	title = {Trigger and Data Acquisition System},
	year = 2018, 
	url = {https://atlas.cern/discover/detector/trigger-daq}
}