@techreport{ATLAS-CONF-2018-038,
      title         = "{Object-based missing transverse momentum significance in
                       the ATLAS detector}",
      institution   = "CERN",
      collaboration = "{ATLAS Collaboration}",
      address       = "Geneva",
      number        = "ATLAS-CONF-2018-038",
      month         = "Jul",
      year          = "2018",
      reportNumber  = "ATLAS-CONF-2018-038",
      url           = "https://cds.cern.ch/record/2630948",
}